@inproceedings{isabelle,
  title={{Isabelle - A Generic Theorem Prover}},
  author={Lawrence Paulson},
  booktitle={Lecture Notes in Computer Science},
  year={1994}
}

@article{coq,
  title={{The Coq Proof Assistant}},
  DOI={10.5281/zenodo.5846982},
  publisher={Zenodo},
  author={The Coq Development Team},
  year={2022},
  month={Jan},
  url={https://doi.org/10.5281/zenodo.5846982}
}

@inproceedings{mizar,
  title={{Mizar: State-of-the-art and beyond}},
  author={Bancerek, Grzegorz and Byli{\'n}ski, Czes{\l}aw and Grabowski, Adam and Korni{\l}owicz, Artur and Matuszewski, Roman and Naumowicz, Adam and Pak, Karol and Urban, Josef},
  booktitle={International Conference on Intelligent Computer Mathematics},
  pages={261--279},
  year={2015},
  organization={Springer}
}

@inproceedings{lean,
  title={{The Lean theorem prover (system description)}},
  author={Moura, Leonardo de and Kong, Soonho and Avigad, Jeremy and Doorn, Floris van and Raumer, Jakob von},
  booktitle={International Conference on Automated Deduction},
  pages={378--388},
  year={2015},
  organization={Springer}
}

@InCollection{hilbertprogram,
	author       =	{Zach, Richard},
	title        =	{{Hilbert’s Program}},
	booktitle    =	{The {Stanford} Encyclopedia of Philosophy},
	editor       =	{Edward N. Zalta},
	howpublished =	{\url{https://plato.stanford.edu/archives/fall2019/entries/hilbert-program/}},
	year         =	{2019},
	edition      =	{{F}all 2019},
	publisher    =	{Metaphysics Research Lab, Stanford University}
}

@misc{krauss,
  title={{Adding Soft Types to Isabelle}},
  author={Krauss, Alexander},
  year={2010},
  url={https://www21.in.tum.de/~krauss/papers/soft-types-notes.pdf}
}

@article{mml,
  author={Bancerek, Grzegorz and Byli{\'{n}}ski, Czes{\l}aw and Grabowski, Adam and Korni{\l}owicz, Artur and Matuszewski, Roman and Naumowicz, Adam and P{\k{a}}k, Karol},
  title={{The Role of the Mizar Mathematical Library for Interactive Proof Development in Mizar}},
  journal={Journal of Automated Reasoning},
  year={2018},
  month={Jun},
  day={01},
  volume={61},
  number={1},
  pages={9-32},
  issn={1573-0670},
  doi={10.1007/s10817-017-9440-6},
  url={https://doi.org/10.1007/s10817-017-9440-6}
}

@inproceedings{harrison,
  title={{Let’s make set theory great again}},
  author={Harrison, John},
  year={2018},
  organization={Talk at the Artificial Intelligence and Theorem Proving Conference}
}

@inproceedings{cartwright,
  title={{Soft typing}},
  author={Cartwright, Robert and Fagan, Mike},
  booktitle={Proceedings of the ACM SIGPLAN 1991 conference on Programming language design and implementation},
  pages={278--292},
  year={1991}
}

@inproceedings{wiedijk,
  title={Mizar’s soft type system},
  author={Wiedijk, Freek},
  booktitle={International Conference on Theorem Proving in Higher Order Logics},
  pages={383--399},
  year={2007},
  organization={Springer}
}

@misc{isabelleset,
  author = {Chen, Joshua and Kappelmann, Kevin and Krauss, Alexander},
  title = {{Isabelle/Set}},
  year = {2022},
  publisher = {GitHub},
  journal = {GitHub repository},
  howpublished = {\url{https://github.com/kappelmann/Isabelle-Set}},
  commit = {119be36d71734c8789915d42bcf65aefc37c356d}
}

@inproceedings{brown2019higher,
  title={{Higher-order Tarski Grothendieck as a foundation for formal proof}},
  author={Brown, Chad E and Kaliszyk, Cezary and Pak, Karol},
  booktitle={10th International Conference on Interactive Theorem Proving (ITP 2019)},
  year={2019},
  organization={Schloss Dagstuhl-Leibniz-Zentrum fuer Informatik}
}

@article{isabellezf,
  title={Mechanizing set theory},
  author={Paulson, Lawrence C and Grabczewski, Krzysztof},
  journal={Journal of Automated Reasoning},
  volume={17},
  number={3},
  pages={291--323},
  year={1996},
  publisher={Springer}
}

@inproceedings{lifting,
  title={{Lifting and Transfer: A modular design for quotients in Isabelle/HOL}},
  author={Huffman, Brian and Kun{\v{c}}ar, Ond{\v{r}}ej},
  booktitle={International Conference on Certified Programs and Proofs},
  pages={131--146},
  year={2013},
  organization={Springer}
}

@article{bidirectional,
  title={{Bidirectional typing}},
  author={Dunfield, Jana and Krishnaswami, Neel},
  journal={ACM Computing Surveys (CSUR)},
  volume={54},
  number={5},
  pages={1--38},
  year={2021},
  publisher={ACM New York, NY, USA}
}

@inproceedings{isatypeclasses,
  title={{Type classes and overloading in higher-order logic}},
  author={Wenzel, Markus},
  booktitle={International Conference on Theorem Proving in Higher Order Logics},
  pages={307--322},
  year={1997},
  organization={Springer}
}

@article{guidi2019implementing,
  title={{Implementing type theory in higher order constraint logic programming}},
  author={Guidi, Ferruccio and Coen, Claudio Sacerdoti and Tassi, Enrico},
  journal={Mathematical Structures in Computer Science},
  volume={29},
  number={8},
  pages={1125--1150},
  year={2019},
  publisher={Cambridge University Press}
}

@article{de2015elaboration,
  title={{Elaboration in dependent type theory}},
  author={De Moura, Leonardo and Avigad, Jeremy and Kong, Soonho and Roux, Cody},
  journal={arXiv preprint arXiv:1505.04324},
  year={2015}
}

@article{mazzoli2016type,
  title={{Type checking through unification}},
  author={Mazzoli, Francesco and Abel, Andreas},
  journal={arXiv preprint arXiv:1609.09709},
  year={2016}
}

@article{tassi2012bi,
  title={{A bi-directional refinement algorithm for the calculus of (co) inductive constructions}},
  author={Tassi, Enrico and Coen, Claudio Sacerdoti and Ricciotti, Wilmer and Asperti, Andrea},
  journal={Logical Methods in Computer Science},
  volume={8},
  year={2012},
  publisher={Episciences. org}
}

@article{vytiniotis2011outsidein,
author = {Vytiniotis, Dimitrios and Peyton Jones, Simon and Schrijvers, Tom and Sulzmann, Martin},
title = {{OutsideIn(X): Modular type inference with local assumptions}},
year = {2011},
month = {September},
publisher = {Cambridge University Press},
url = {https://www.microsoft.com/en-us/research/publication/outsideinx-modular-type-inference-with-local-assumptions/},
pages = {333-412},
journal = {Journal of Functional Programming},
volume = {21},
edition = {Journal of Functional Programming},
}
